<?xml version="1.0" encoding="UTF-8"?><collection xmlns="http://www.loc.gov/MARC21/slim"><record><leader>00475nam--2200133-i-4500</leader><controlfield tag="001">000042650</controlfield><controlfield tag="002">20161230</controlfield><controlfield tag="005">20161230201043</controlfield><controlfield tag="008">060222s1000------------r-----000-0-eng-d</controlfield><datafield ind1=" " ind2=" " tag="080"><subfield code="a">550.8(043)</subfield></datafield><datafield ind1=" " ind2=" " tag="100"><subfield code="a">Stanescu, Valeriu</subfield></datafield><datafield ind1=" " ind2=" " tag="245"><subfield code="a">Studiul geologic si hidrogeologic de prognoza pentru hidrocarburi in depresiunea birladului si neogenul platformei din zona tecuci-roman. teza</subfield></datafield><datafield ind1=" " ind2=" " tag="260"><subfield code="a">Bucuresti, Inst.De Petrol, Gaze Si Geologie, 1970. 54 P. + 30 Harti</subfield></datafield><datafield ind1=" " ind2=" " tag="852"><subfield code="a">48147</subfield></datafield></record></collection>